@misc{wiki,
  author = "Wikipedia",
  title = "Van der Pol oscillator --- Wikipedia{,} The Free Encyclopedia",
  year = "2016",
  url = "https://en.wikipedia.org/w/index.php?title=Van_der_Pol_oscillator&oldid=737980297",
  note = "[Online; accessed 6-September-2016]",
}

@article{wiki:1,
  author  = {Cartwright, M.L.}, 
  title   = {Blathazar Van Der Pol},
  journal = {Journal of London Mathematical Society},
  year    = 1960,
  volume = 35,
  pages   = {367-376},
}

@article{wiki:3,
  author  = {Van der Pol, B.}, 
  title   = {On relaxation-oscillations},
  journal = {The London, Edinburgh and Dublin Philosophical Magazine and Journal of Science},
  year    = 1926,
  number  = 7,
  pages   = {978-992}, 
  volume  = 2
}

@article{wiki:5,
  author  = {Kanamaru, T.}, 
  title   = {On relaxation-oscillations},
  journal = {Scholarpedia},
  year    = 2007,
  number  = 1,
  pages   = {2202}, 
  volume  = 2,
  note   = {{revision 138698}},
}

